@article{smart,
  author    = {Haoming Jiang and
               Pengcheng He and
               Weizhu Chen and
               Xiaodong Liu and
               Jianfeng Gao and
               Tuo Zhao},
  title     = {{SMART:} Robust and Efficient Fine-Tuning for Pre-trained Natural
               Language Models through Principled Regularized Optimization},
  journal   = {CoRR},
  volume    = {abs/1911.03437},
  year      = {2019},
  url       = {http://arxiv.org/abs/1911.03437},
  eprinttype = {arXiv},
  eprint    = {1911.03437},
  timestamp = {Mon, 30 May 2022 13:48:56 +0200},
  biburl    = {https://dblp.org/rec/journals/corr/abs-1911-03437.bib},
  bibsource = {dblp computer science bibliography, https://dblp.org}
}

@article{pretrain,
  author    = {Chi Sun and
               Xipeng Qiu and
               Yige Xu and
               Xuanjing Huang},
  title     = {How to Fine-Tune {BERT} for Text Classification?},
  journal   = {CoRR},
  volume    = {abs/1905.05583},
  year      = {2019},
  url       = {http://arxiv.org/abs/1905.05583},
  eprinttype = {arXiv},
  eprint    = {1905.05583},
  timestamp = {Tue, 21 Jan 2020 13:18:06 +0100},
  biburl    = {https://dblp.org/rec/journals/corr/abs-1905-05583.bib},
  bibsource = {dblp computer science bibliography, https://dblp.org}
}

@article{bert,
  author    = {Jacob Devlin and
               Ming{-}Wei Chang and
               Kenton Lee and
               Kristina Toutanova},
  title     = {{BERT:} Pre-training of Deep Bidirectional Transformers for Language
               Understanding},
  journal   = {CoRR},
  volume    = {abs/1810.04805},
  year      = {2018},
  url       = {http://arxiv.org/abs/1810.04805},
  eprinttype = {arXiv},
  eprint    = {1810.04805},
  timestamp = {Tue, 30 Oct 2018 20:39:56 +0100},
  biburl    = {https://dblp.org/rec/journals/corr/abs-1810-04805.bib},
  bibsource = {dblp computer science bibliography, https://dblp.org}
}

@article{wang2018glue,
  title={GLUE: A multi-task benchmark and analysis platform for natural language understanding},
  author={Wang, Alex and Singh, Amanpreet and Michael, Julian and Hill, Felix and Levy, Omer and Bowman, Samuel R},
  journal={arXiv preprint arXiv:1804.07461},
  year={2018}
}

@article{MTL,
    author = {Liu, X, He, P., Chen, W. and Gao, J.},
    title = {Improving multi-task deep neural networks via knowledge distillation for natural language understanding},
    journal = {arXiv preprint arXiv: 1904.09482}, 
    year = {2019}
}

@article{weiss2016survey,
  title={A survey of transfer learning},
  author={Weiss, Karl and Khoshgoftaar, Taghi M and Wang, DingDing},
  journal={Journal of Big data},
  volume={3},
  number={1},
  pages={1--40},
  year={2016},
  publisher={SpringerOpen}
}

@article{reimers2019sentence,
  title={Sentence-bert: Sentence embeddings using siamese bert-networks},
  author={Reimers, Nils and Gurevych, Iryna},
  journal={arXiv preprint arXiv:1908.10084},
  year={2019}
}

@article{BayesianOpt,
  title = {Taking the Human Out of the Loop: A Review of Bayesian Optimization},
  author = {Nando de Freitas et. al.}, 
  journal = {Proceedings of the IEEE},
  volume = {104},
  number = {1},
  pages = {148--175},
  year = {2016}
}

@inproceedings{multioped,
    author = {Siyi Liu and Sihao Chen and Xander Uyttendaele and Dan Roth},
    title = {{MultiOpEd: A Corpus of Multi-Perspective News Editorials}},
    booktitle = {Proc. of the Annual Conference of the North American Chapter of the Association for Computational Linguistics (NAACL)},
    year = {2021}
}

@article{handout,
    title = {CS 224N: Default Final Project: minBERT and
Downstream Tasks},
    author: {Shuyan Zhou, Zhengbao Jiang, Ritam Dutt, Brendon Boldt,
Aditya Veerubhotla, and Graham Neubig},
year = {2023}
}



@article{MTDNN,
    title = {Multi-Task Deep Neural Networks for Natural Language Understanding},
    author = {Xiadong Liu, Pengcheng He, Weizhu Chen, Jianfeng Gao},
    journal = {arXiv preprint: 1901.11504v2},
    year = {2019}
}


@article{dropout,
    title = {Improving neural networks by preventing co-adapation of feature detectors},
    author = {Geoffrey Hinton, Nitish Srivastava, Alex Krizhevsky, et. al, },
    journal = {arXiv preprint: 1207.0580},
    year = {2012}
}


@article{triangle, 
    title = {Universal Language Model Fine-Tuning for Text Classification},
    author = {Jeremy Howard, Sebastian Ruder},
    journal = {arXiv preprint: 1801.06146v5},
    year = {2018}
}

@article{intro,
    title = {Multi-Task Learning in Natural Language Processing: An Overview},
    author = {Shijie Chen, Yu Zhang, Qiang Yang},
    journal = {arXiv preprint: 2109.09138v1},
    year = {2021}
}

@article{gpt3:journals/corr/abs-2005-14165,
  author    = {Tom B. Brown and
               Benjamin Mann and
               Nick Ryder and
               Melanie Subbiah and
               Jared Kaplan and
               Prafulla Dhariwal and
               Arvind Neelakantan and
               Pranav Shyam and
               Girish Sastry and
               Amanda Askell and
               Sandhini Agarwal and
               Ariel Herbert{-}Voss and
               Gretchen Krueger and
               Tom Henighan and
               Rewon Child and
               Aditya Ramesh and
               Daniel M. Ziegler and
               Jeffrey Wu and
               Clemens Winter and
               Christopher Hesse and
               Mark Chen and
               Eric Sigler and
               Mateusz Litwin and
               Scott Gray and
               Benjamin Chess and
               Jack Clark and
               Christopher Berner and
               Sam McCandlish and
               Alec Radford and
               Ilya Sutskever and
               Dario Amodei},
  title     = {Language Models are Few-Shot Learners},
  journal   = {CoRR},
  volume    = {abs/2005.14165},
  year      = {2020},
  url       = {https://arxiv.org/abs/2005.14165},
  eprinttype = {arXiv},
  eprint    = {2005.14165},
  timestamp = {Wed, 03 Jun 2020 11:36:54 +0200},
  biburl    = {https://dblp.org/rec/journals/corr/abs-2005-14165.bib},
  bibsource = {dblp computer science bibliography, https://dblp.org}
}

@misc{openai2023gpt4,
      title={GPT-4 Technical Report}, 
      author={OpenAI},
      year={2023},
      eprint={2303.08774},
      archivePrefix={arXiv},
      primaryClass={cs.CL}
}

@article{heinsen2022algorithm,
  title={An Algorithm for Routing Vectors in Sequences},
  author={Heinsen, Franz A},
  journal={arXiv preprint arXiv:2211.11754},
  year={2022}
}

@article{lan2019albert,
  title={Albert: A lite bert for self-supervised learning of language representations},
  author={Lan, Zhenzhong and Chen, Mingda and Goodman, Sebastian and Gimpel, Kevin and Sharma, Piyush and Soricut, Radu},
  journal={arXiv preprint arXiv:1909.11942},
  year={2019}
}

@inproceedings{dong2015multi,
  title={Multi-task learning for multiple language translation},
  author={Dong, Daxiang and Wu, Hua and He, Wei and Yu, Dianhai and Wang, Haifeng},
  booktitle={Proceedings of the 53rd Annual Meeting of the Association for Computational Linguistics and the 7th International Joint Conference on Natural Language Processing (Volume 1: Long Papers)},
  pages={1723--1732},
  year={2015}
}

@article{clark2020electra,
  title={Electra: Pre-training text encoders as discriminators rather than generators},
  author={Clark, Kevin and Luong, Minh-Thang and Le, Quoc V and Manning, Christopher D},
  journal={arXiv preprint arXiv:2003.10555},
  year={2020}
}

@article{devlin2018bert,
  title={Bert: Pre-training of deep bidirectional transformers for language understanding},
  author={Devlin, Jacob and Chang, Ming-Wei and Lee, Kenton and Toutanova, Kristina},
  journal={arXiv preprint arXiv:1810.04805},
  year={2018}
}