@article{finite,
  title={A Finite-Time Analysis of {Q}-Learning with Neural Network Function Approximation},
  author={P. Xu and Q. Gu},
  journal={Proc. of Machine Learning Research},
  year={2020}
}

@article{theor,
  title={A theoretical analysis of deep {Q}-learning},
  author={Z. Yang and Y. Xie and Z. Wang},
  journal={Proc. Learn. Dyn. Control},
  pages={486-489},
  year={2020}
}

@article{div,
  title={Towards characterizing divergence in deep {Q}-learning},
  author={J. Achiam and E. Knight and P. Abbeel},
  journal={arXiv:1903.08894},
  year={2019}
}