@article{smart,
  author    = {Haoming Jiang and
               Pengcheng He and
               Weizhu Chen and
               Xiaodong Liu and
               Jianfeng Gao and
               Tuo Zhao},
  title     = {{SMART:} Robust and Efficient Fine-Tuning for Pre-trained Natural
               Language Models through Principled Regularized Optimization},
  journal   = {CoRR},
  volume    = {abs/1911.03437},
  year      = {2019},
  url       = {http://arxiv.org/abs/1911.03437},
  eprinttype = {arXiv},
  eprint    = {1911.03437},
  timestamp = {Mon, 30 May 2022 13:48:56 +0200},
  biburl    = {https://dblp.org/rec/journals/corr/abs-1911-03437.bib},
  bibsource = {dblp computer science bibliography, https://dblp.org}
}

@article{pretrain,
  author    = {Chi Sun and
               Xipeng Qiu and
               Yige Xu and
               Xuanjing Huang},
  title     = {How to Fine-Tune {BERT} for Text Classification?},
  journal   = {CoRR},
  volume    = {abs/1905.05583},
  year      = {2019},
  url       = {http://arxiv.org/abs/1905.05583},
  eprinttype = {arXiv},
  eprint    = {1905.05583},
  timestamp = {Tue, 21 Jan 2020 13:18:06 +0100},
  biburl    = {https://dblp.org/rec/journals/corr/abs-1905-05583.bib},
  bibsource = {dblp computer science bibliography, https://dblp.org}
}

@article{bert,
  author    = {Jacob Devlin and
               Ming{-}Wei Chang and
               Kenton Lee and
               Kristina Toutanova},
  title     = {{BERT:} Pre-training of Deep Bidirectional Transformers for Language
               Understanding},
  journal   = {CoRR},
  volume    = {abs/1810.04805},
  year      = {2018},
  url       = {http://arxiv.org/abs/1810.04805},
  eprinttype = {arXiv},
  eprint    = {1810.04805},
  timestamp = {Tue, 30 Oct 2018 20:39:56 +0100},
  biburl    = {https://dblp.org/rec/journals/corr/abs-1810-04805.bib},
  bibsource = {dblp computer science bibliography, https://dblp.org}
}

@article{MTL,
    author = {Liu, X, He, P., Chen, W. and Gao, J.},
    title = {Improving multi-task deep neural networks via knowledge distillation for natural language understanding},
    journal = {arXiv preprint arXiv: 1904.09482}, 
    year = {2019}
}

@article{weiss2016survey,
  title={A survey of transfer learning},
  author={Weiss, Karl and Khoshgoftaar, Taghi M and Wang, DingDing},
  journal={Journal of Big data},
  volume={3},
  number={1},
  pages={1--40},
  year={2016},
  publisher={SpringerOpen}
}

@article{MTDNN,
    title = {Multi-Task Deep Neural Networks for Natural Language Understanding},
    author = {Xiadong Liu, Pengcheng He, Weizhu Chen, Jianfeng Gao},
    journal = {arXiv preprint: 1901.11504v2},
    year = {2019}
}


@article{dropout,
    title = {Improving neural networks by preventing co-adapation of feature detectors},
    author = {Geoffrey Hinton, Nitish Srivastava, Alex Krizhevsky, et. al, },
    journal = {arXiv preprint: 1207.0580},
    year = {2012}
}


@article{triangle, 
    title = {Universal Language Model Fine-Tuning for Text Classification},
    author = {Jeremy Howard, Sebastian Ruder},
    journal = {arXiv preprint: 1801.06146v5},
    year = {2018}
}

@article{intro,
    title = {Multi-Task Learning in Natural Language Processing: An Overview},
    author = {Shijie Chen, Yu Zhang, Qiang Yang},
    journal = {arXiv preprint: 2109.09138v1},
    year = {2021}
}
