@article{smart,
  author    = {Haoming Jiang and
               Pengcheng He and
               Weizhu Chen and
               Xiaodong Liu and
               Jianfeng Gao and
               Tuo Zhao},
  title     = {{SMART:} Robust and Efficient Fine-Tuning for Pre-trained Natural
               Language Models through Principled Regularized Optimization},
  journal   = {CoRR},
  volume    = {abs/1911.03437},
  year      = {2019},
  url       = {http://arxiv.org/abs/1911.03437},
  eprinttype = {arXiv},
  eprint    = {1911.03437},
  timestamp = {Mon, 30 May 2022 13:48:56 +0200},
  biburl    = {https://dblp.org/rec/journals/corr/abs-1911-03437.bib},
  bibsource = {dblp computer science bibliography, https://dblp.org}
}

@article{pretrain,
  author    = {Chi Sun and
               Xipeng Qiu and
               Yige Xu and
               Xuanjing Huang},
  title     = {How to Fine-Tune {BERT} for Text Classification?},
  journal   = {CoRR},
  volume    = {abs/1905.05583},
  year      = {2019},
  url       = {http://arxiv.org/abs/1905.05583},
  eprinttype = {arXiv},
  eprint    = {1905.05583},
  timestamp = {Tue, 21 Jan 2020 13:18:06 +0100},
  biburl    = {https://dblp.org/rec/journals/corr/abs-1905-05583.bib},
  bibsource = {dblp computer science bibliography, https://dblp.org}
}

@article{bert,
  author    = {Jacob Devlin and
               Ming{-}Wei Chang and
               Kenton Lee and
               Kristina Toutanova},
  title     = {{BERT:} Pre-training of Deep Bidirectional Transformers for Language
               Understanding},
  journal   = {CoRR},
  volume    = {abs/1810.04805},
  year      = {2018},
  url       = {http://arxiv.org/abs/1810.04805},
  eprinttype = {arXiv},
  eprint    = {1810.04805},
  timestamp = {Tue, 30 Oct 2018 20:39:56 +0100},
  biburl    = {https://dblp.org/rec/journals/corr/abs-1810-04805.bib},
  bibsource = {dblp computer science bibliography, https://dblp.org}
}

@article{wang2018glue,
  title={GLUE: A multi-task benchmark and analysis platform for natural language understanding},
  author={Wang, Alex and Singh, Amanpreet and Michael, Julian and Hill, Felix and Levy, Omer and Bowman, Samuel R},
  journal={arXiv preprint arXiv:1804.07461},
  year={2018}
}

@article{MTL,
    author = {Liu, X, He, P., Chen, W. and Gao, J.},
    title = {Improving multi-task deep neural networks via knowledge distillation for natural language understanding},
    journal = {arXiv preprint arXiv: 1904.09482}, 
    year = {2019}
}

@article{weiss2016survey,
  title={A survey of transfer learning},
  author={Weiss, Karl and Khoshgoftaar, Taghi M and Wang, DingDing},
  journal={Journal of Big data},
  volume={3},
  number={1},
  pages={1--40},
  year={2016},
  publisher={SpringerOpen}
}

@inproceedings{multioped,
    author = {Siyi Liu and Sihao Chen and Xander Uyttendaele and Dan Roth},
    title = {{MultiOpEd: A Corpus of Multi-Perspective News Editorials}},
    booktitle = {Proc. of the Annual Conference of the North American Chapter of the Association for Computational Linguistics (NAACL)},
    year = {2021}
}